<zs:record>
      <zs:recordPacking>xml</zs:recordPacking>
      <zs:recordData>
        <record xmlns="http://www.loc.gov/MARC21/slim">
          <leader>00271nz a2200109 4500</leader>
          <controlfield tag="001">30070500</controlfield>
          <controlfield tag="003">RISM</controlfield>
          <controlfield tag="005">20121108</controlfield>
          <controlfield tag="008">121108n||az|||||||##########||||||||||||</controlfield>
          <datafield tag="043" ind1=" " ind2=" ">
            <subfield code="c">Ireland</subfield>
          </datafield>
          <datafield tag="110" ind1="2" ind2=" ">
            <subfield code="a">Mount St Joseph Abbey &lt;Roscrea&gt;</subfield>
            <subfield code="c">Roscrea</subfield>
            <subfield code="g">IRL-Rmsja</subfield>
          </datafield>
          <datafield tag="622" ind1=" " ind2=" ">
            <subfield code="u">http://www.msjroscrea.ie</subfield>
          </datafield>
          <idzebra xmlns="http://www.indexdata.dk/zebra/">
            <size>271</size>
            <score>734</score>
            <localnumber>834569</localnumber>
            <filename>sigla/sigla.mrc</filename>
          </idzebra>
        </record>
      </zs:recordData>
      <zs:recordPosition>32</zs:recordPosition>
    </zs:record>